<?xml version="1.0" encoding="UTF-8"?><record xmlns="http://www.loc.gov/MARC21/slim" xmlns:cinclude="http://apache.org/cocoon/include/1.0" xmlns:zs="http://www.loc.gov/zing/srw/">
  <leader>00869nz  a2200217n  4500</leader>
  <controlfield tag="001">no2013102233</controlfield>
  <controlfield tag="003">DLC</controlfield>
  <controlfield tag="005">20130920073547.0</controlfield>
  <controlfield tag="008">130919n| azannaabn          |b aaa     c</controlfield>
  <datafield tag="010" ind1=" " ind2=" ">
    <subfield code="a">no2013102233</subfield>
  </datafield>
  <datafield tag="035" ind1=" " ind2=" ">
    <subfield code="a">(OCoLC)oca09572426</subfield>
  </datafield>
  <datafield tag="040" ind1=" " ind2=" ">
    <subfield code="a">NNC-EA</subfield>
    <subfield code="b">eng</subfield>
    <subfield code="e">rda</subfield>
    <subfield code="c">NNC</subfield>
  </datafield>
  <datafield tag="046" ind1=" " ind2=" ">
    <subfield code="f">1960</subfield>
  </datafield>
  <datafield tag="100" ind1="1" ind2=" ">
    <subfield code="a">Satō, Kōichi</subfield>
    <subfield code="c">(Researcher in international relations),</subfield>
    <subfield code="d">1960-</subfield>
  </datafield>
  <datafield tag="370" ind1=" " ind2=" ">
    <subfield code="a">Tokyo (Japan)</subfield>
  </datafield>
  <datafield tag="372" ind1=" " ind2=" ">
    <subfield code="a">International relations</subfield>
    <subfield code="2">lcsh</subfield>
  </datafield>
  <datafield tag="373" ind1=" " ind2=" ">
    <subfield code="a">Ōbirin Daigaku Riberaru Ātsu Gakugun</subfield>
  </datafield>
  <datafield tag="377" ind1=" " ind2=" ">
    <subfield code="a">jpn</subfield>
  </datafield>
  <datafield tag="400" ind1="1" ind2=" ">
    <subfield code="a">佐藤考一</subfield>
    <subfield code="c">(Researcher in international relations),</subfield>
    <subfield code="d">1960-</subfield>
  </datafield>
  <datafield tag="667" ind1=" " ind2=" ">
    <subfield code="a">Non-Latin script reference not evaluated</subfield>
  </datafield>
  <datafield tag="670" ind1=" " ind2=" ">
    <subfield code="a">"Chūgoku kyōiron" to ASEAN shokoku, 2012:</subfield>
    <subfield code="b">t.p. (佐藤考一 = Satō Kōichi) colophon (r; b. 1960, Tōkyō; doctor of philosophy, Waseda Daigaku, 2009; prof., Ōbirin Daigaku Riberaru Ātsu Gakugun)</subfield>
  </datafield>
</record>